<record xmlns="http://www.loc.gov/MARC21/slim">
   <leader>02863cam a2200481 i 4500</leader>
   <controlfield tag="001">6697550</controlfield>
   <controlfield tag="003">OCoLC</controlfield>
   <controlfield tag="005">20140910095855.0</controlfield>
   <controlfield tag="008">131126t20152015maua     b    001 0 eng  </controlfield>
   <datafield ind1=" " ind2=" " tag="010">
      <subfield code="a">  2013047418</subfield>
   </datafield>
   <datafield ind1="7" ind2=" " tag="016">
      <subfield code="a">101621010</subfield>
      <subfield code="2">DNLM</subfield>
   </datafield>
   <datafield ind1=" " ind2=" " tag="020">
      <subfield code="a">9781284028553 (pbk.)</subfield>
   </datafield>
   <datafield ind1=" " ind2=" " tag="020">
      <subfield code="a">1284028550 (pbk.)</subfield>
   </datafield>
   <datafield ind1=" " ind2=" " tag="020">
      <subfield code="a">9781284034165</subfield>
   </datafield>
   <datafield ind1=" " ind2=" " tag="020">
      <subfield code="a">128403416X</subfield>
   </datafield>
   <datafield ind1=" " ind2=" " tag="035">
      <subfield code="a">ocn864382836</subfield>
   </datafield>
   <datafield ind1=" " ind2=" " tag="040">
      <subfield code="a">DNLM/DLC</subfield>
      <subfield code="b">eng</subfield>
      <subfield code="e">rda</subfield>
      <subfield code="c">DLC</subfield>
      <subfield code="d">YDX</subfield>
      <subfield code="d">NLM</subfield>
      <subfield code="d">YDXCP</subfield>
      <subfield code="d">OCLCO</subfield>
      <subfield code="d">BTCTA</subfield>
      <subfield code="d">OOJ</subfield>
      <subfield code="d">VET</subfield>
      <subfield code="d">OCLCF</subfield>
      <subfield code="d">UAB</subfield>
   </datafield>
   <datafield ind1=" " ind2=" " tag="042">
      <subfield code="a">pcc</subfield>
   </datafield>
   <datafield ind1="0" ind2="0" tag="050">
      <subfield code="a">RM700</subfield>
      <subfield code="b">.J49 2015</subfield>
   </datafield>
   <datafield ind1="0" ind2="0" tag="060">
      <subfield code="a">2014 E-907</subfield>
   </datafield>
   <datafield ind1="1" ind2="0" tag="060">
      <subfield code="a">WB 460</subfield>
   </datafield>
   <datafield ind1=" " ind2="4" tag="060">
      <subfield code="a">WB 460</subfield>
      <subfield code="b">J589ga 2015</subfield>
   </datafield>
   <datafield ind1="0" ind2="0" tag="082">
      <subfield code="a">615.8/2</subfield>
      <subfield code="2">23</subfield>
   </datafield>
   <datafield ind1=" " ind2=" " tag="090">
      <subfield code="a">RM 700 J49 2015</subfield>
      <subfield code="b">AEU</subfield>
   </datafield>
   <datafield ind1="1" ind2=" " tag="100">
      <subfield code="a">Jewell, Dianne V.,</subfield>
      <subfield code="e">author.</subfield>
   </datafield>
   <datafield ind1="1" ind2="0" tag="245">
      <subfield code="a">Guide to evidence-based physical therapist practice /</subfield>
      <subfield code="c">Dianne V. Jewell (PT, DPT, PhD, FAACVPR ; The Rehab Intel Network, Ruther Glen, Virginia).</subfield>
   </datafield>
   <datafield ind1=" " ind2=" " tag="250">
      <subfield code="a">Third edition.</subfield>
   </datafield>
   <datafield ind1=" " ind2="1" tag="264">
      <subfield code="a">Burlington, MA :</subfield>
      <subfield code="b">Jones &amp; Bartlett Learning,</subfield>
      <subfield code="c">[2015]</subfield>
   </datafield>
   <datafield ind1=" " ind2="4" tag="264">
      <subfield code="c">©2015</subfield>
   </datafield>
   <datafield ind1=" " ind2=" " tag="300">
      <subfield code="a">xiv, 434 p. :</subfield>
      <subfield code="b">illustrations ;</subfield>
      <subfield code="c">23 cm</subfield>
   </datafield>
   <datafield ind1=" " ind2=" " tag="336">
      <subfield code="a">text</subfield>
      <subfield code="2">rdacontent</subfield>
   </datafield>
   <datafield ind1=" " ind2=" " tag="337">
      <subfield code="a">unmediated</subfield>
      <subfield code="2">rdamedia</subfield>
   </datafield>
   <datafield ind1=" " ind2=" " tag="338">
      <subfield code="a">volume</subfield>
      <subfield code="2">rdacarrier</subfield>
   </datafield>
   <datafield ind1=" " ind2=" " tag="504">
      <subfield code="a">Includes bibliographical references and index.</subfield>
   </datafield>
   <datafield ind1="0" ind2=" " tag="505">
      <subfield code="a">Evidence-based physical therapist practice -- What is evidence? -- The quest for evidence : getting started -- Questions, theories, and hypotheses -- Research design -- Research subjects -- Variables and their measurement -- Validity in research designs -- Unraveling statistical mysteries : description -- Unraveling statistical mysteries : inference -- Appraising evidence about diagnostic tests and clinical measures -- Appraising evidence about prognostic (risk) factors -- Appraising evidence about interventions -- Appraising evidence about clinical prediction rules -- Appraising outcomes research -- Appraising evidence about self-report outcomes measures -- Appraising systematic reviews and clinical practice guidelines -- Patient/client preferences and values -- Putting it all together.</subfield>
   </datafield>
   <datafield ind1=" " ind2=" " tag="520">
      <subfield code="a">"This text provides readers with the information and tools needed to understand what constitutes evidence, search efficiently for applicable evidence in the literature, evaluate the findings in the literature, and integrate the evidence with clinical judgment and individual patient preferences and values. Students will learn how evaluate research designs, appraise evidence, and apply research in clinical practice"--Provided by publisher.</subfield>
   </datafield>
   <datafield ind1=" " ind2=" " tag="596">
      <subfield code="a">42</subfield>
   </datafield>
   <datafield ind1=" " ind2="0" tag="650">
      <subfield code="a">Physical therapy.</subfield>
   </datafield>
   <datafield ind1=" " ind2="0" tag="650">
      <subfield code="a">Evidence-based medicine.</subfield>
   </datafield>
   <datafield ind1="1" ind2="2" tag="650">
      <subfield code="a">Physical Therapy Modalities.</subfield>
   </datafield>
   <datafield ind1="2" ind2="2" tag="650">
      <subfield code="a">Evidence-Based Practice</subfield>
      <subfield code="v">methods.</subfield>
   </datafield>
   <datafield ind1=" " ind2=" " tag="949">
      <subfield code="a">RM 700 J49 2015</subfield>
      <subfield code="c">1</subfield>
      <subfield code="h">UAHL-B</subfield>
      <subfield code="i">0162035159019</subfield>
   </datafield>
   <datafield ind1=" " ind2=" " tag="926">
      <subfield code="a">RM 700 J49 2015</subfield>
      <subfield code="w">LC</subfield>
      <subfield code="c">1</subfield>
      <subfield code="i">0162035159019</subfield>
      <subfield code="d">4/25/2016</subfield>
      <subfield code="e">1/31/2016</subfield>
      <subfield code="l">ON_SHELF</subfield>
      <subfield code="m">UAHLTHSC</subfield>
      <subfield code="n">3</subfield>
      <subfield code="p">$150.00</subfield>
      <subfield code="r">Y</subfield>
      <subfield code="s">Y</subfield>
      <subfield code="t">BOOK</subfield>
      <subfield code="u">9/25/2014</subfield>
   </datafield>
</record>
